@misc{columbia,
  title={How To Write Your Thesis},
  author={Kim Kastens and Stephanie Pfirman and Martin Stute and Bill Hahn and Dallas Abbott and Chris Scholz },
  note={\url{http://www.ldeo.columbia.edu/\textasciitilde martins/sen_sem/thesis_org.html}, November, 19th 2014},
	year = {2014}
}

@misc{wikicite,
title={Zitat},
author = {Wikipedia},
note={\url{http://de.wikipedia.org/wiki/Zitat#W.C3.B6rtliches_Zitat}, visited 20.11.2014},
year = {2014}
}


@incollection{smtappetizer,
year={2009},
isbn={978-3-642-10451-0},
booktitle={Formal Methods: Foundations and Applications},
volume={5902},
series={Lecture Notes in Computer Science},
editor={Oliveira, MarcelViníciusMedeiros and Woodcock, Jim},
doi={10.1007/978-3-642-10452-7\_3},
title={Satisfiability Modulo Theories: An Appetizer},
publisher={Springer Berlin Heidelberg},
author={de Moura, Leonardo and Bjørner, Nikolaj},
pages={23-36},
language={English}
}

@TECHREPORT{smtlib,
   author = {Clark Barrett and Aaron Stump and Cesare Tinelli and Sascha Boehme and David Cok and David Deharbe and Bruno Dutertre and Pascal Fontaine and Vijay Ganesh and Alberto Griggio and Jim Grundy and Paul Jackson and Albert Oliveras and Sava Krstić and Michal Moskal and Leonardo De Moura and Roberto Sebastiani and To David Cok and Jochen Hoenicke},
    title = {C.: The SMT-LIB Standard: Version 2.0},
    institution = {},
		note = {DOI 10.1.1.190.4897},
    year = {2010},
		number={2.0}
}

@misc{smtlibweb,
author = {SMT-LIB Initiative},
title = {SMT-LIB},
note = {\url{http://www.smt-lib.org/}, visited 10.09.2014},
year = {2014}
}

@article{verificationvalidation,
  title={Verification and Validation According to ISO 26262: A Workflow to Facilitate the Development of High-Integrity Software},
  author={Conrad, Mirko},
  journal={Embedded Real Time Software and Systems (ERTS2 2012)},
  year={2012}
}
